%YAML 1.1
%TAG !u! tag:unity3d.com,2011:
--- !u!1 &4361349486941004064
GameObject:
  m_ObjectHideFlags: 0
  m_CorrespondingSourceObject: {fileID: 0}
  m_PrefabInstance: {fileID: 0}
  m_PrefabAsset: {fileID: 0}
  serializedVersion: 6
  m_Component:
  - component: {fileID: 4361349486941004071}
  m_Layer: 0
  m_Name: Group_Rune
  m_TagString: Untagged
  m_Icon: {fileID: 0}
  m_NavMeshLayer: 0
  m_StaticEditorFlags: 0
  m_IsActive: 1
--- !u!4 &4361349486941004071
Transform:
  m_ObjectHideFlags: 0
  m_CorrespondingSourceObject: {fileID: 0}
  m_PrefabInstance: {fileID: 0}
  m_PrefabAsset: {fileID: 0}
  m_GameObject: {fileID: 4361349486941004064}
  m_LocalRotation: {x: 0, y: 0, z: 0, w: 1}
  m_LocalPosition: {x: 0, y: 0, z: 0}
  m_LocalScale: {x: 1, y: 1, z: 1}
  m_Children:
  - {fileID: 4361349486634206886}
  - {fileID: 4361349487976732703}
  - {fileID: 4361349487560650247}
  - {fileID: 4361349487145597060}
  - {fileID: 4361349486644634347}
  - {fileID: 4361349487326301867}
  - {fileID: 4361349486571231165}
  - {fileID: 4361349486456110833}
  - {fileID: 4361349486574208371}
  m_Father: {fileID: 0}
  m_RootOrder: 0
  m_LocalEulerAnglesHint: {x: 0, y: 0, z: 0}
--- !u!1001 &4361349486455972977
PrefabInstance:
  m_ObjectHideFlags: 0
  serializedVersion: 2
  m_Modification:
    m_TransformParent: {fileID: 4361349486941004071}
    m_Modifications:
    - target: {fileID: 100000, guid: 0d3deb8d945636b4ebbbd8330bf0804d, type: 3}
      propertyPath: m_Name
      value: Rune_H_Med
      objectReference: {fileID: 0}
    - target: {fileID: 400000, guid: 0d3deb8d945636b4ebbbd8330bf0804d, type: 3}
      propertyPath: m_RootOrder
      value: 7
      objectReference: {fileID: 0}
    - target: {fileID: 400000, guid: 0d3deb8d945636b4ebbbd8330bf0804d, type: 3}
      propertyPath: m_LocalPosition.x
      value: -1.46
      objectReference: {fileID: 0}
    - target: {fileID: 400000, guid: 0d3deb8d945636b4ebbbd8330bf0804d, type: 3}
      propertyPath: m_LocalPosition.y
      value: 0
      objectReference: {fileID: 0}
    - target: {fileID: 400000, guid: 0d3deb8d945636b4ebbbd8330bf0804d, type: 3}
      propertyPath: m_LocalPosition.z
      value: 3.82
      objectReference: {fileID: 0}
    - target: {fileID: 400000, guid: 0d3deb8d945636b4ebbbd8330bf0804d, type: 3}
      propertyPath: m_LocalRotation.w
      value: 1
      objectReference: {fileID: 0}
    - target: {fileID: 400000, guid: 0d3deb8d945636b4ebbbd8330bf0804d, type: 3}
      propertyPath: m_LocalRotation.x
      value: -0.00000009735359
      objectReference: {fileID: 0}
    - target: {fileID: 400000, guid: 0d3deb8d945636b4ebbbd8330bf0804d, type: 3}
      propertyPath: m_LocalRotation.y
      value: 0
      objectReference: {fileID: 0}
    - target: {fileID: 400000, guid: 0d3deb8d945636b4ebbbd8330bf0804d, type: 3}
      propertyPath: m_LocalRotation.z
      value: -0
      objectReference: {fileID: 0}
    - target: {fileID: 400000, guid: 0d3deb8d945636b4ebbbd8330bf0804d, type: 3}
      propertyPath: m_LocalEulerAnglesHint.x
      value: 0
      objectReference: {fileID: 0}
    - target: {fileID: 400000, guid: 0d3deb8d945636b4ebbbd8330bf0804d, type: 3}
      propertyPath: m_LocalEulerAnglesHint.y
      value: 0
      objectReference: {fileID: 0}
    - target: {fileID: 400000, guid: 0d3deb8d945636b4ebbbd8330bf0804d, type: 3}
      propertyPath: m_LocalEulerAnglesHint.z
      value: 0
      objectReference: {fileID: 0}
    m_RemovedComponents: []
  m_SourcePrefab: {fileID: 100100000, guid: 0d3deb8d945636b4ebbbd8330bf0804d, type: 3}
--- !u!4 &4361349486456110833 stripped
Transform:
  m_CorrespondingSourceObject: {fileID: 400000, guid: 0d3deb8d945636b4ebbbd8330bf0804d, type: 3}
  m_PrefabInstance: {fileID: 4361349486455972977}
  m_PrefabAsset: {fileID: 0}
--- !u!1001 &4361349486571621693
PrefabInstance:
  m_ObjectHideFlags: 0
  serializedVersion: 2
  m_Modification:
    m_TransformParent: {fileID: 4361349486941004071}
    m_Modifications:
    - target: {fileID: 100000, guid: 4e24e7ada26e99540bfa1f72b4358584, type: 3}
      propertyPath: m_Name
      value: Rune_G_Med
      objectReference: {fileID: 0}
    - target: {fileID: 400000, guid: 4e24e7ada26e99540bfa1f72b4358584, type: 3}
      propertyPath: m_RootOrder
      value: 6
      objectReference: {fileID: 0}
    - target: {fileID: 400000, guid: 4e24e7ada26e99540bfa1f72b4358584, type: 3}
      propertyPath: m_LocalPosition.x
      value: -1.57
      objectReference: {fileID: 0}
    - target: {fileID: 400000, guid: 4e24e7ada26e99540bfa1f72b4358584, type: 3}
      propertyPath: m_LocalPosition.y
      value: 0
      objectReference: {fileID: 0}
    - target: {fileID: 400000, guid: 4e24e7ada26e99540bfa1f72b4358584, type: 3}
      propertyPath: m_LocalPosition.z
      value: 2.62
      objectReference: {fileID: 0}
    - target: {fileID: 400000, guid: 4e24e7ada26e99540bfa1f72b4358584, type: 3}
      propertyPath: m_LocalRotation.w
      value: 1
      objectReference: {fileID: 0}
    - target: {fileID: 400000, guid: 4e24e7ada26e99540bfa1f72b4358584, type: 3}
      propertyPath: m_LocalRotation.x
      value: -0.00000009735359
      objectReference: {fileID: 0}
    - target: {fileID: 400000, guid: 4e24e7ada26e99540bfa1f72b4358584, type: 3}
      propertyPath: m_LocalRotation.y
      value: 0
      objectReference: {fileID: 0}
    - target: {fileID: 400000, guid: 4e24e7ada26e99540bfa1f72b4358584, type: 3}
      propertyPath: m_LocalRotation.z
      value: -0
      objectReference: {fileID: 0}
    - target: {fileID: 400000, guid: 4e24e7ada26e99540bfa1f72b4358584, type: 3}
      propertyPath: m_LocalEulerAnglesHint.x
      value: 0
      objectReference: {fileID: 0}
    - target: {fileID: 400000, guid: 4e24e7ada26e99540bfa1f72b4358584, type: 3}
      propertyPath: m_LocalEulerAnglesHint.y
      value: 0
      objectReference: {fileID: 0}
    - target: {fileID: 400000, guid: 4e24e7ada26e99540bfa1f72b4358584, type: 3}
      propertyPath: m_LocalEulerAnglesHint.z
      value: 0
      objectReference: {fileID: 0}
    m_RemovedComponents: []
  m_SourcePrefab: {fileID: 100100000, guid: 4e24e7ada26e99540bfa1f72b4358584, type: 3}
--- !u!4 &4361349486571231165 stripped
Transform:
  m_CorrespondingSourceObject: {fileID: 400000, guid: 4e24e7ada26e99540bfa1f72b4358584, type: 3}
  m_PrefabInstance: {fileID: 4361349486571621693}
  m_PrefabAsset: {fileID: 0}
--- !u!1001 &4361349486573821939
PrefabInstance:
  m_ObjectHideFlags: 0
  serializedVersion: 2
  m_Modification:
    m_TransformParent: {fileID: 4361349486941004071}
    m_Modifications:
    - target: {fileID: 100000, guid: 16c3de0bf3bc3e44fbb33bd09644713a, type: 3}
      propertyPath: m_Name
      value: Rune_I_Med
      objectReference: {fileID: 0}
    - target: {fileID: 400000, guid: 16c3de0bf3bc3e44fbb33bd09644713a, type: 3}
      propertyPath: m_RootOrder
      value: 8
      objectReference: {fileID: 0}
    - target: {fileID: 400000, guid: 16c3de0bf3bc3e44fbb33bd09644713a, type: 3}
      propertyPath: m_LocalPosition.x
      value: 1.73
      objectReference: {fileID: 0}
    - target: {fileID: 400000, guid: 16c3de0bf3bc3e44fbb33bd09644713a, type: 3}
      propertyPath: m_LocalPosition.y
      value: 0
      objectReference: {fileID: 0}
    - target: {fileID: 400000, guid: 16c3de0bf3bc3e44fbb33bd09644713a, type: 3}
      propertyPath: m_LocalPosition.z
      value: 3.97
      objectReference: {fileID: 0}
    - target: {fileID: 400000, guid: 16c3de0bf3bc3e44fbb33bd09644713a, type: 3}
      propertyPath: m_LocalRotation.w
      value: 1
      objectReference: {fileID: 0}
    - target: {fileID: 400000, guid: 16c3de0bf3bc3e44fbb33bd09644713a, type: 3}
      propertyPath: m_LocalRotation.x
      value: -0.00000009735359
      objectReference: {fileID: 0}
    - target: {fileID: 400000, guid: 16c3de0bf3bc3e44fbb33bd09644713a, type: 3}
      propertyPath: m_LocalRotation.y
      value: 0
      objectReference: {fileID: 0}
    - target: {fileID: 400000, guid: 16c3de0bf3bc3e44fbb33bd09644713a, type: 3}
      propertyPath: m_LocalRotation.z
      value: -0
      objectReference: {fileID: 0}
    - target: {fileID: 400000, guid: 16c3de0bf3bc3e44fbb33bd09644713a, type: 3}
      propertyPath: m_LocalEulerAnglesHint.x
      value: 0
      objectReference: {fileID: 0}
    - target: {fileID: 400000, guid: 16c3de0bf3bc3e44fbb33bd09644713a, type: 3}
      propertyPath: m_LocalEulerAnglesHint.y
      value: 0
      objectReference: {fileID: 0}
    - target: {fileID: 400000, guid: 16c3de0bf3bc3e44fbb33bd09644713a, type: 3}
      propertyPath: m_LocalEulerAnglesHint.z
      value: 0
      objectReference: {fileID: 0}
    m_RemovedComponents: []
  m_SourcePrefab: {fileID: 100100000, guid: 16c3de0bf3bc3e44fbb33bd09644713a, type: 3}
--- !u!4 &4361349486574208371 stripped
Transform:
  m_CorrespondingSourceObject: {fileID: 400000, guid: 16c3de0bf3bc3e44fbb33bd09644713a, type: 3}
  m_PrefabInstance: {fileID: 4361349486573821939}
  m_PrefabAsset: {fileID: 0}
--- !u!1001 &4361349486634343462
PrefabInstance:
  m_ObjectHideFlags: 0
  serializedVersion: 2
  m_Modification:
    m_TransformParent: {fileID: 4361349486941004071}
    m_Modifications:
    - target: {fileID: 100000, guid: aefdac83489ebad43942eec7922c07e8, type: 3}
      propertyPath: m_Name
      value: Rune_A_Med
      objectReference: {fileID: 0}
    - target: {fileID: 400000, guid: aefdac83489ebad43942eec7922c07e8, type: 3}
      propertyPath: m_RootOrder
      value: 0
      objectReference: {fileID: 0}
    - target: {fileID: 400000, guid: aefdac83489ebad43942eec7922c07e8, type: 3}
      propertyPath: m_LocalPosition.x
      value: 1.68
      objectReference: {fileID: 0}
    - target: {fileID: 400000, guid: aefdac83489ebad43942eec7922c07e8, type: 3}
      propertyPath: m_LocalPosition.y
      value: 0
      objectReference: {fileID: 0}
    - target: {fileID: 400000, guid: aefdac83489ebad43942eec7922c07e8, type: 3}
      propertyPath: m_LocalPosition.z
      value: 1.33
      objectReference: {fileID: 0}
    - target: {fileID: 400000, guid: aefdac83489ebad43942eec7922c07e8, type: 3}
      propertyPath: m_LocalRotation.w
      value: 1
      objectReference: {fileID: 0}
    - target: {fileID: 400000, guid: aefdac83489ebad43942eec7922c07e8, type: 3}
      propertyPath: m_LocalRotation.x
      value: -0.00000009735359
      objectReference: {fileID: 0}
    - target: {fileID: 400000, guid: aefdac83489ebad43942eec7922c07e8, type: 3}
      propertyPath: m_LocalRotation.y
      value: 0
      objectReference: {fileID: 0}
    - target: {fileID: 400000, guid: aefdac83489ebad43942eec7922c07e8, type: 3}
      propertyPath: m_LocalRotation.z
      value: -0
      objectReference: {fileID: 0}
    - target: {fileID: 400000, guid: aefdac83489ebad43942eec7922c07e8, type: 3}
      propertyPath: m_LocalEulerAnglesHint.x
      value: 0
      objectReference: {fileID: 0}
    - target: {fileID: 400000, guid: aefdac83489ebad43942eec7922c07e8, type: 3}
      propertyPath: m_LocalEulerAnglesHint.y
      value: 0
      objectReference: {fileID: 0}
    - target: {fileID: 400000, guid: aefdac83489ebad43942eec7922c07e8, type: 3}
      propertyPath: m_LocalEulerAnglesHint.z
      value: 0
      objectReference: {fileID: 0}
    m_RemovedComponents: []
  m_SourcePrefab: {fileID: 100100000, guid: aefdac83489ebad43942eec7922c07e8, type: 3}
--- !u!4 &4361349486634206886 stripped
Transform:
  m_CorrespondingSourceObject: {fileID: 400000, guid: aefdac83489ebad43942eec7922c07e8, type: 3}
  m_PrefabInstance: {fileID: 4361349486634343462}
  m_PrefabAsset: {fileID: 0}
--- !u!1001 &4361349486645033067
PrefabInstance:
  m_ObjectHideFlags: 0
  serializedVersion: 2
  m_Modification:
    m_TransformParent: {fileID: 4361349486941004071}
    m_Modifications:
    - target: {fileID: 100000, guid: 520fc52cf59e87c4483ae0ddf799ae2f, type: 3}
      propertyPath: m_Name
      value: Rune_E_Med
      objectReference: {fileID: 0}
    - target: {fileID: 400000, guid: 520fc52cf59e87c4483ae0ddf799ae2f, type: 3}
      propertyPath: m_RootOrder
      value: 4
      objectReference: {fileID: 0}
    - target: {fileID: 400000, guid: 520fc52cf59e87c4483ae0ddf799ae2f, type: 3}
      propertyPath: m_LocalPosition.x
      value: -0
      objectReference: {fileID: 0}
    - target: {fileID: 400000, guid: 520fc52cf59e87c4483ae0ddf799ae2f, type: 3}
      propertyPath: m_LocalPosition.y
      value: 0
      objectReference: {fileID: 0}
    - target: {fileID: 400000, guid: 520fc52cf59e87c4483ae0ddf799ae2f, type: 3}
      propertyPath: m_LocalPosition.z
      value: 1.22
      objectReference: {fileID: 0}
    - target: {fileID: 400000, guid: 520fc52cf59e87c4483ae0ddf799ae2f, type: 3}
      propertyPath: m_LocalRotation.w
      value: 1
      objectReference: {fileID: 0}
    - target: {fileID: 400000, guid: 520fc52cf59e87c4483ae0ddf799ae2f, type: 3}
      propertyPath: m_LocalRotation.x
      value: -0.00000009735359
      objectReference: {fileID: 0}
    - target: {fileID: 400000, guid: 520fc52cf59e87c4483ae0ddf799ae2f, type: 3}
      propertyPath: m_LocalRotation.y
      value: 0
      objectReference: {fileID: 0}
    - target: {fileID: 400000, guid: 520fc52cf59e87c4483ae0ddf799ae2f, type: 3}
      propertyPath: m_LocalRotation.z
      value: -0
      objectReference: {fileID: 0}
    - target: {fileID: 400000, guid: 520fc52cf59e87c4483ae0ddf799ae2f, type: 3}
      propertyPath: m_LocalEulerAnglesHint.x
      value: 0
      objectReference: {fileID: 0}
    - target: {fileID: 400000, guid: 520fc52cf59e87c4483ae0ddf799ae2f, type: 3}
      propertyPath: m_LocalEulerAnglesHint.y
      value: 0
      objectReference: {fileID: 0}
    - target: {fileID: 400000, guid: 520fc52cf59e87c4483ae0ddf799ae2f, type: 3}
      propertyPath: m_LocalEulerAnglesHint.z
      value: 0
      objectReference: {fileID: 0}
    m_RemovedComponents: []
  m_SourcePrefab: {fileID: 100100000, guid: 520fc52cf59e87c4483ae0ddf799ae2f, type: 3}
--- !u!4 &4361349486644634347 stripped
Transform:
  m_CorrespondingSourceObject: {fileID: 400000, guid: 520fc52cf59e87c4483ae0ddf799ae2f, type: 3}
  m_PrefabInstance: {fileID: 4361349486645033067}
  m_PrefabAsset: {fileID: 0}
--- !u!1001 &4361349487145460228
PrefabInstance:
  m_ObjectHideFlags: 0
  serializedVersion: 2
  m_Modification:
    m_TransformParent: {fileID: 4361349486941004071}
    m_Modifications:
    - target: {fileID: 100000, guid: 752e643487616d642aa2e529adec204e, type: 3}
      propertyPath: m_Name
      value: Rune_D_Med
      objectReference: {fileID: 0}
    - target: {fileID: 400000, guid: 752e643487616d642aa2e529adec204e, type: 3}
      propertyPath: m_RootOrder
      value: 3
      objectReference: {fileID: 0}
    - target: {fileID: 400000, guid: 752e643487616d642aa2e529adec204e, type: 3}
      propertyPath: m_LocalPosition.x
      value: -0
      objectReference: {fileID: 0}
    - target: {fileID: 400000, guid: 752e643487616d642aa2e529adec204e, type: 3}
      propertyPath: m_LocalPosition.y
      value: 0
      objectReference: {fileID: 0}
    - target: {fileID: 400000, guid: 752e643487616d642aa2e529adec204e, type: 3}
      propertyPath: m_LocalPosition.z
      value: 3.85
      objectReference: {fileID: 0}
    - target: {fileID: 400000, guid: 752e643487616d642aa2e529adec204e, type: 3}
      propertyPath: m_LocalRotation.w
      value: 1
      objectReference: {fileID: 0}
    - target: {fileID: 400000, guid: 752e643487616d642aa2e529adec204e, type: 3}
      propertyPath: m_LocalRotation.x
      value: -0.00000009735359
      objectReference: {fileID: 0}
    - target: {fileID: 400000, guid: 752e643487616d642aa2e529adec204e, type: 3}
      propertyPath: m_LocalRotation.y
      value: 0
      objectReference: {fileID: 0}
    - target: {fileID: 400000, guid: 752e643487616d642aa2e529adec204e, type: 3}
      propertyPath: m_LocalRotation.z
      value: -0
      objectReference: {fileID: 0}
    - target: {fileID: 400000, guid: 752e643487616d642aa2e529adec204e, type: 3}
      propertyPath: m_LocalEulerAnglesHint.x
      value: 0
      objectReference: {fileID: 0}
    - target: {fileID: 400000, guid: 752e643487616d642aa2e529adec204e, type: 3}
      propertyPath: m_LocalEulerAnglesHint.y
      value: 0
      objectReference: {fileID: 0}
    - target: {fileID: 400000, guid: 752e643487616d642aa2e529adec204e, type: 3}
      propertyPath: m_LocalEulerAnglesHint.z
      value: 0
      objectReference: {fileID: 0}
    m_RemovedComponents: []
  m_SourcePrefab: {fileID: 100100000, guid: 752e643487616d642aa2e529adec204e, type: 3}
--- !u!4 &4361349487145597060 stripped
Transform:
  m_CorrespondingSourceObject: {fileID: 400000, guid: 752e643487616d642aa2e529adec204e, type: 3}
  m_PrefabInstance: {fileID: 4361349487145460228}
  m_PrefabAsset: {fileID: 0}
--- !u!1001 &4361349487326434347
PrefabInstance:
  m_ObjectHideFlags: 0
  serializedVersion: 2
  m_Modification:
    m_TransformParent: {fileID: 4361349486941004071}
    m_Modifications:
    - target: {fileID: 100000, guid: 63d5103dba1492343917e467b56a9e79, type: 3}
      propertyPath: m_Name
      value: Rune_F_Med
      objectReference: {fileID: 0}
    - target: {fileID: 400000, guid: 63d5103dba1492343917e467b56a9e79, type: 3}
      propertyPath: m_RootOrder
      value: 5
      objectReference: {fileID: 0}
    - target: {fileID: 400000, guid: 63d5103dba1492343917e467b56a9e79, type: 3}
      propertyPath: m_LocalPosition.x
      value: -1.67
      objectReference: {fileID: 0}
    - target: {fileID: 400000, guid: 63d5103dba1492343917e467b56a9e79, type: 3}
      propertyPath: m_LocalPosition.y
      value: 0
      objectReference: {fileID: 0}
    - target: {fileID: 400000, guid: 63d5103dba1492343917e467b56a9e79, type: 3}
      propertyPath: m_LocalPosition.z
      value: 1.25
      objectReference: {fileID: 0}
    - target: {fileID: 400000, guid: 63d5103dba1492343917e467b56a9e79, type: 3}
      propertyPath: m_LocalRotation.w
      value: 1
      objectReference: {fileID: 0}
    - target: {fileID: 400000, guid: 63d5103dba1492343917e467b56a9e79, type: 3}
      propertyPath: m_LocalRotation.x
      value: -0.00000009735359
      objectReference: {fileID: 0}
    - target: {fileID: 400000, guid: 63d5103dba1492343917e467b56a9e79, type: 3}
      propertyPath: m_LocalRotation.y
      value: 0
      objectReference: {fileID: 0}
    - target: {fileID: 400000, guid: 63d5103dba1492343917e467b56a9e79, type: 3}
      propertyPath: m_LocalRotation.z
      value: -0
      objectReference: {fileID: 0}
    - target: {fileID: 400000, guid: 63d5103dba1492343917e467b56a9e79, type: 3}
      propertyPath: m_LocalEulerAnglesHint.x
      value: 0
      objectReference: {fileID: 0}
    - target: {fileID: 400000, guid: 63d5103dba1492343917e467b56a9e79, type: 3}
      propertyPath: m_LocalEulerAnglesHint.y
      value: 0
      objectReference: {fileID: 0}
    - target: {fileID: 400000, guid: 63d5103dba1492343917e467b56a9e79, type: 3}
      propertyPath: m_LocalEulerAnglesHint.z
      value: 0
      objectReference: {fileID: 0}
    m_RemovedComponents: []
  m_SourcePrefab: {fileID: 100100000, guid: 63d5103dba1492343917e467b56a9e79, type: 3}
--- !u!4 &4361349487326301867 stripped
Transform:
  m_CorrespondingSourceObject: {fileID: 400000, guid: 63d5103dba1492343917e467b56a9e79, type: 3}
  m_PrefabInstance: {fileID: 4361349487326434347}
  m_PrefabAsset: {fileID: 0}
--- !u!1001 &4361349487560782983
PrefabInstance:
  m_ObjectHideFlags: 0
  serializedVersion: 2
  m_Modification:
    m_TransformParent: {fileID: 4361349486941004071}
    m_Modifications:
    - target: {fileID: 100000, guid: eaf03f098ffde5249985697e069ffb66, type: 3}
      propertyPath: m_Name
      value: Rune_C_Med
      objectReference: {fileID: 0}
    - target: {fileID: 400000, guid: eaf03f098ffde5249985697e069ffb66, type: 3}
      propertyPath: m_RootOrder
      value: 2
      objectReference: {fileID: 0}
    - target: {fileID: 400000, guid: eaf03f098ffde5249985697e069ffb66, type: 3}
      propertyPath: m_LocalPosition.x
      value: -0
      objectReference: {fileID: 0}
    - target: {fileID: 400000, guid: eaf03f098ffde5249985697e069ffb66, type: 3}
      propertyPath: m_LocalPosition.y
      value: 0
      objectReference: {fileID: 0}
    - target: {fileID: 400000, guid: eaf03f098ffde5249985697e069ffb66, type: 3}
      propertyPath: m_LocalPosition.z
      value: 2.53
      objectReference: {fileID: 0}
    - target: {fileID: 400000, guid: eaf03f098ffde5249985697e069ffb66, type: 3}
      propertyPath: m_LocalRotation.w
      value: 1
      objectReference: {fileID: 0}
    - target: {fileID: 400000, guid: eaf03f098ffde5249985697e069ffb66, type: 3}
      propertyPath: m_LocalRotation.x
      value: -0.00000009735359
      objectReference: {fileID: 0}
    - target: {fileID: 400000, guid: eaf03f098ffde5249985697e069ffb66, type: 3}
      propertyPath: m_LocalRotation.y
      value: 0
      objectReference: {fileID: 0}
    - target: {fileID: 400000, guid: eaf03f098ffde5249985697e069ffb66, type: 3}
      propertyPath: m_LocalRotation.z
      value: -0
      objectReference: {fileID: 0}
    - target: {fileID: 400000, guid: eaf03f098ffde5249985697e069ffb66, type: 3}
      propertyPath: m_LocalEulerAnglesHint.x
      value: 0
      objectReference: {fileID: 0}
    - target: {fileID: 400000, guid: eaf03f098ffde5249985697e069ffb66, type: 3}
      propertyPath: m_LocalEulerAnglesHint.y
      value: 0
      objectReference: {fileID: 0}
    - target: {fileID: 400000, guid: eaf03f098ffde5249985697e069ffb66, type: 3}
      propertyPath: m_LocalEulerAnglesHint.z
      value: 0
      objectReference: {fileID: 0}
    m_RemovedComponents: []
  m_SourcePrefab: {fileID: 100100000, guid: eaf03f098ffde5249985697e069ffb66, type: 3}
--- !u!4 &4361349487560650247 stripped
Transform:
  m_CorrespondingSourceObject: {fileID: 400000, guid: eaf03f098ffde5249985697e069ffb66, type: 3}
  m_PrefabInstance: {fileID: 4361349487560782983}
  m_PrefabAsset: {fileID: 0}
--- !u!1001 &4361349487976333983
PrefabInstance:
  m_ObjectHideFlags: 0
  serializedVersion: 2
  m_Modification:
    m_TransformParent: {fileID: 4361349486941004071}
    m_Modifications:
    - target: {fileID: 100000, guid: b4c64d3b45bdc9f45a3bff824bede8de, type: 3}
      propertyPath: m_Name
      value: Rune_B_Med
      objectReference: {fileID: 0}
    - target: {fileID: 400000, guid: b4c64d3b45bdc9f45a3bff824bede8de, type: 3}
      propertyPath: m_RootOrder
      value: 1
      objectReference: {fileID: 0}
    - target: {fileID: 400000, guid: b4c64d3b45bdc9f45a3bff824bede8de, type: 3}
      propertyPath: m_LocalPosition.x
      value: 1.52
      objectReference: {fileID: 0}
    - target: {fileID: 400000, guid: b4c64d3b45bdc9f45a3bff824bede8de, type: 3}
      propertyPath: m_LocalPosition.y
      value: 0
      objectReference: {fileID: 0}
    - target: {fileID: 400000, guid: b4c64d3b45bdc9f45a3bff824bede8de, type: 3}
      propertyPath: m_LocalPosition.z
      value: 2.56
      objectReference: {fileID: 0}
    - target: {fileID: 400000, guid: b4c64d3b45bdc9f45a3bff824bede8de, type: 3}
      propertyPath: m_LocalRotation.w
      value: 1
      objectReference: {fileID: 0}
    - target: {fileID: 400000, guid: b4c64d3b45bdc9f45a3bff824bede8de, type: 3}
      propertyPath: m_LocalRotation.x
      value: -0.00000009735359
      objectReference: {fileID: 0}
    - target: {fileID: 400000, guid: b4c64d3b45bdc9f45a3bff824bede8de, type: 3}
      propertyPath: m_LocalRotation.y
      value: 0
      objectReference: {fileID: 0}
    - target: {fileID: 400000, guid: b4c64d3b45bdc9f45a3bff824bede8de, type: 3}
      propertyPath: m_LocalRotation.z
      value: -0
      objectReference: {fileID: 0}
    - target: {fileID: 400000, guid: b4c64d3b45bdc9f45a3bff824bede8de, type: 3}
      propertyPath: m_LocalEulerAnglesHint.x
      value: 0
      objectReference: {fileID: 0}
    - target: {fileID: 400000, guid: b4c64d3b45bdc9f45a3bff824bede8de, type: 3}
      propertyPath: m_LocalEulerAnglesHint.y
      value: 0
      objectReference: {fileID: 0}
    - target: {fileID: 400000, guid: b4c64d3b45bdc9f45a3bff824bede8de, type: 3}
      propertyPath: m_LocalEulerAnglesHint.z
      value: 0
      objectReference: {fileID: 0}
    m_RemovedComponents: []
  m_SourcePrefab: {fileID: 100100000, guid: b4c64d3b45bdc9f45a3bff824bede8de, type: 3}
--- !u!4 &4361349487976732703 stripped
Transform:
  m_CorrespondingSourceObject: {fileID: 400000, guid: b4c64d3b45bdc9f45a3bff824bede8de, type: 3}
  m_PrefabInstance: {fileID: 4361349487976333983}
  m_PrefabAsset: {fileID: 0}
